S&P 500 (^SPX) > Financials > Income Statement,,,,,,,,,,,,,,,,,,,,,,,,,,,,,,,,,,,,,,,,,,,,,,,,,,,,,,,,,,,,,,,,,,,,,,,,,,,,,,,,,,,,,,,,,,,,,,,,,,,,,,,,,,,,,,,,,,,,,,,,,,,,,,,,,,,,,,,,,,,,,,,,,,,,,,,,,,,,,,,,,,,,,,,,,,,,,,,,,,,,,,,,,,,,,,,,,,,,,,,,,,,,,,,,,,,,,,,,,,,,,,,,,,,,,,,,,,,,,,,,,,,,,,,,,,,,,,
,,,,,,,,,,,,,,,,,,,,,,,,,,,,,,,,,,,,,,,,,,,,,,,,,,,,,,,,,,,,,,,,,,,,,,,,,,,,,,,,,,,,,,,,,,,,,,,,,,,,,,,,,,,,,,,,,,,,,,,,,,,,,,,,,,,,,,,,,,,,,,,,,,,,,,,,,,,,,,,,,,,,,,,,,,,,,,,,,,,,,,,,,,,,,,,,,,,,,,,,,,,,,,,,,,,,,,,,,,,,,,,,,,,,,,,,,,,,,,,,,,,,,,,,,,,,,,
All values are expressed as per share items. ,Template:,Standard, ,Order:,Latest on Right,,,,,,,,,,,,,,,,,,,,,,,,,,,,,,,,,,,,,,,,,,,,,,,,,,,,,,,,,,,,,,,,,,,,,,,,,,,,,,,,,,,,,,,,,,,,,,,,,,,,,,,,,,,,,,,,,,,,,,,,,,,,,,,,,,,,,,,,,,,,,,,,,,,,,,,,,,,,,,,,,,,,,,,,,,,,,,,,,,,,,,,,,,,,,,,,,,,,,,,,,,,,,,,,,,,,,,,,,,,,,,,,,,,,,,,,,,,,,,,,,,,,,,,,,
,Period Type:,Quarterly, ,Decimals:,2,,,,,,,,,,,,,,,,,,,,,,,,,,,,,,,,,,,,,,,,,,,,,,,,,,,,,,,,,,,,,,,,,,,,,,,,,,,,,,,,,,,,,,,,,,,,,,,,,,,,,,,,,,,,,,,,,,,,,,,,,,,,,,,,,,,,,,,,,,,,,,,,,,,,,,,,,,,,,,,,,,,,,,,,,,,,,,,,,,,,,,,,,,,,,,,,,,,,,,,,,,,,,,,,,,,,,,,,,,,,,,,,,,,,,,,,,,,,,,,,,,,,,,,,,
,Currency:,Standardized Aggregates Currency, ,Conversion:,Historical,,,,,,,,,,,,,,,,,,,,,,,,,,,,,,,,,,,,,,,,,,,,,,,,,,,,,,,,,,,,,,,,,,,,,,,,,,,,,,,,,,,,,,,,,,,,,,,,,,,,,,,,,,,,,,,,,,,,,,,,,,,,,,,,,,,,,,,,,,,,,,,,,,,,,,,,,,,,,,,,,,,,,,,,,,,,,,,,,,,,,,,,,,,,,,,,,,,,,,,,,,,,,,,,,,,,,,,,,,,,,,,,,,,,,,,,,,,,,,,,,,,,,,,,,
,,,,,,,,,,,,,,,,,,,,,,,,,,,,,,,,,,,,,,,,,,,,,,,,,,,,,,,,,,,,,,,,,,,,,,,,,,,,,,,,,,,,,,,,,,,,,,,,,,,,,,,,,,,,,,,,,,,,,,,,,,,,,,,,,,,,,,,,,,,,,,,,,,,,,,,,,,,,,,,,,,,,,,,,,,,,,,,,,,,,,,,,,,,,,,,,,,,,,,,,,,,,,,,,,,,,,,,,,,,,,,,,,,,,,,,,,,,,,,,,,,,,,,,,,,,,,,
,,,,,,,,,,,,,,,,,,,,,,,,,,,,,,,,,,,,,,,,,,,,,,,,,,,,,,,,,,,,,,,,,,,,,,,,,,,,,,,,,,,,,,,,,,,,,,,,,,,,,,,,,,,,,,,,,,,,,,,,,,,,,,,,,,,,,,,,,,,,,,,,,,,,,,,,,,,,,,,,,,,,,,,,,,,,,,,,,,,,,,,,,,,,,,,,,,,,,,,,,,,,,,,,,,,,,,,,,,,,,,,,,,,,,,,,,,,,,,,,,,,,,,,,,,,,,,
Income Statement,,,,,,,,,,,,,,,,,,,,,,,,,,,,,,,,,,,,,,,,,,,,,,,,,,,,,,,,,,,,,,,,,,,,,,,,,,,,,,,,,,,,,,,,,,,,,,,,,,,,,,,,,,,,,,,,,,,,,,,,,,,,,,,,,,,,,,,,,,,,,,,,,,,,,,,,,,,,,,,,,,,,,,,,,,,,,,,,,,,,,,,,,,,,,,,,,,,,,,,,,,,,,,,,,,,,,,,,,,,,,,,,,,,,,,,,,,,,,,,,,,,,,,,,,,,,,,
"For the Period Ending
","3 months
CQ2 2001","3 months
CQ3 2001","3 months
CQ4 2001","3 months
CQ1 2002","3 months
CQ2 2002","3 months
CQ3 2002","3 months
CQ4 2002","3 months
CQ1 2003","3 months
CQ2 2003","3 months
CQ3 2003","3 months
CQ4 2003","3 months
CQ1 2004","3 months
CQ2 2004","3 months
CQ3 2004","3 months
CQ4 2004","3 months
CQ1 2005","3 months
CQ2 2005","3 months
CQ3 2005","3 months
CQ4 2005","3 months
CQ1 2006","3 months
CQ2 2006","3 months
CQ3 2006","3 months
CQ4 2006","3 months
CQ1 2007","3 months
CQ2 2007","3 months
CQ3 2007","3 months
CQ4 2007","3 months
CQ1 2008","3 months
CQ2 2008","3 months
CQ3 2008","3 months
CQ4 2008","3 months
CQ1 2009","3 months
CQ2 2009","3 months
CQ3 2009","3 months
CQ4 2009","3 months
CQ1 2010","3 months
CQ2 2010","3 months
CQ3 2010","3 months
CQ4 2010","3 months
CQ1 2011","3 months
CQ2 2011","3 months
CQ3 2011","3 months
CQ4 2011","3 months
CQ1 2012","3 months
CQ2 2012","3 months
CQ3 2012","3 months
CQ4 2012","3 months
CQ1 2013","3 months
CQ2 2013","3 months
CQ3 2013","3 months
CQ4 2013","3 months
CQ1 2014","3 months
CQ2 2014","3 months
CQ3 2014","3 months
CQ4 2014","3 months
CQ1 2015","3 months
CQ2 2015","3 months
CQ3 2015","3 months
CQ4 2015","3 months
CQ1 2016","3 months
CQ2 2016","3 months
CQ3 2016","3 months
CQ4 2016","3 months
CQ1 2017","3 months
CQ2 2017","3 months
CQ3 2017","3 months
CQ4 2017","3 months
CQ1 2018","3 months
CQ2 2018","3 months
CQ3 2018","3 months
CQ4 2018","3 months
CQ1 2019","3 months
CQ2 2019","3 months
CQ3 2019","3 months
CQ4 2019","3 months
CQ1 2020","3 months
CQ2 2020","3 months
CQ3 2020","3 months
CQ4 2020","3 months
CQ1 2021",,,,,,,,,,,,,,,,,,,,,,,,,,,,,,,,,,,,,,,,,,,,,,,,,,,,,,,,,,,,,,,,,,,,,,,,,,,,,,,,,,,,,,,,,,,,,,,,,,,,,,,,,,,,,,,,,,,,,,,,,,,,,,,,,,,,,,,,,,,,,,,,,,,,,,,,,,,,,,,,,,,,,,,,,,,,,,
Currency,USD,USD,USD,USD,USD,USD,USD,USD,USD,USD,USD,USD,USD,USD,USD,USD,USD,USD,USD,USD,USD,USD,USD,USD,USD,USD,USD,USD,USD,USD,USD,USD,USD,USD,USD,USD,USD,USD,USD,USD,USD,USD,USD,USD,USD,USD,USD,USD,USD,USD,USD,USD,USD,USD,USD,USD,USD,USD,USD,USD,USD,USD,USD,USD,USD,USD,USD,USD,USD,USD,USD,USD,USD,USD,USD,USD,USD,USD,USD,USD,,,,,,,,,,,,,,,,,,,,,,,,,,,,,,,,,,,,,,,,,,,,,,,,,,,,,,,,,,,,,,,,,,,,,,,,,,,,,,,,,,,,,,,,,,,,,,,,,,,,,,,,,,,,,,,,,,,,,,,,,,,,,,,,,,,,,,,,,,,,,,,,,,,,,,,,,,,,,,,,,,,,,,,,,,,,,,
 ,,,,,,,,,,,,,,,,,,,,,,,,,,,,,,,,,,,,,,,,,,,,,,,,,,,,,,,,,,,,,,,,,,,,,,,,,,,,,,,,,,,,,,,,,,,,,,,,,,,,,,,,,,,,,,,,,,,,,,,,,,,,,,,,,,,,,,,,,,,,,,,,,,,,,,,,,,,,,,,,,,,,,,,,,,,,,,,,,,,,,,,,,,,,,,,,,,,,,,,,,,,,,,,,,,,,,,,,,,,,,,,,,,,,,,,,,,,,,,,,,,,,,,,,,,,,,,
Total Revenue, 167.1 , 165.31 , 164.83 , 155.51 , 161.11 , 156.13 , 158.18 , 162.23 , 164.69 , 167.82 , 180.68 , 180.08 , 184.38 , 188.2 , 202.05 , 195.34 , 202.5 , 210.22 , 217.64 , 216.83 , 221.66 , 223.31 , 230.69 , 225.82 , 235.22 , 236.08 , 253.03 , 250.63 , 263.93 , 259.39 , 224.38 , 209.91 , 212.47 , 215.06 , 229.84 , 221.22 , 226.01 , 230.05 , 241.66 , 243.55 , 253.85 , 258.88 , 264.04 , 260.34 , 260.85 , 260.89 , 280.58 , 264.36 , 270.13 , 273.36 , 283.23 , 275.12 , 284.87 , 285.95 , 289.76 , 267.2 , 275.54 , 276.08 , 280.47 , 266.92 , 278.67 , 284.79 , 294.6 , 285.54 , 293.49 , 301.98 , 322.45 , 314.13 , 326.67 , 331.79 , 343.67 , 327.55 , 340.2 , 344.81 , 357.91 , 328.16 , 301.18 , 337.73 , 358.84 , 357.45 ,,,,,,,,,,,,,,,,,,,,,,,,,,,,,,,,,,,,,,,,,,,,,,,,,,,,,,,,,,,,,,,,,,,,,,,,,,,,,,,,,,,,,,,,,,,,,,,,,,,,,,,,,,,,,,,,,,,,,,,,,,,,,,,,,,,,,,,,,,,,,,,,,,,,,,,,,,,,,,,,,,,,,,,,,,,,,,
Cost Of Goods Sold, 121.17 , 119.42 , 116.84 , 109.9 , 116.86 , 109.83 , 111.84 , 113.63 , 114.36 , 117.02 , 127.05 , 125.56 , 128.11 , 133.26 , 142.48 , 136.44 , 142.39 , 149.96 , 156.01 , 152.63 , 155.42 , 156.05 , 158.2 , 155.76 , 161.51 , 166.43 , 175.18 , 173.59 , 184.06 , 184.0 , 159.28 , 140.5 , 142.3 , 146.61 , 153.36 , 149.24 , 152.23 , 153.89 , 162.79 , 163.59 , 170.19 , 172.24 , 178.05 , 175.21 , 174.14 , 174.77 , 192.78 , 176.87 , 182.27 , 184.56 , 191.29 , 184.55 , 190.29 , 188.38 , 192.08 , 173.92 , 180.41 , 180.45 , 186.17 , 173.18 , 180.94 , 184.66 , 195.03 , 186.87 , 192.04 , 199.0 , 216.26 , 208.91 , 216.61 , 219.19 , 228.91 , 213.91 , 222.32 , 224.92 , 234.51 , 215.52 , 194.59 , 215.26 , 231.76 , 225.19 ,,,,,,,,,,,,,,,,,,,,,,,,,,,,,,,,,,,,,,,,,,,,,,,,,,,,,,,,,,,,,,,,,,,,,,,,,,,,,,,,,,,,,,,,,,,,,,,,,,,,,,,,,,,,,,,,,,,,,,,,,,,,,,,,,,,,,,,,,,,,,,,,,,,,,,,,,,,,,,,,,,,,,,,,,,,,,,
Selling General & Admin Exp., 25.06 , 24.68 , 26.86 , 23.63 , 24.0 , 24.17 , 24.52 , 25.86 , 26.77 , 26.97 , 29.1 , 28.55 , 28.73 , 28.87 , 31.13 , 29.86 , 30.62 , 30.78 , 31.09 , 32.73 , 33.11 , 33.13 , 35.53 , 35.48 , 36.71 , 36.79 , 39.89 , 38.58 , 40.18 , 38.44 , 37.4 , 35.81 , 36.18 , 35.38 , 37.15 , 35.0 , 35.8 , 35.78 , 38.5 , 37.65 , 39.06 , 38.79 , 42.56 , 40.22 , 39.91 , 40.09 , 43.62 , 41.08 , 41.33 , 40.98 , 41.43 , 41.86 , 42.75 , 43.91 , 48.23 , 42.68 , 43.06 , 42.88 , 44.25 , 43.37 , 44.78 , 44.64 , 48.42 , 45.03 , 45.55 , 46.09 , 50.37 , 49.05 , 49.21 , 48.91 , 56.01 , 52.88 , 54.15 , 54.7 , 59.51 , 54.95 , 53.34 , 54.55 , 58.47 , 55.22 ,,,,,,,,,,,,,,,,,,,,,,,,,,,,,,,,,,,,,,,,,,,,,,,,,,,,,,,,,,,,,,,,,,,,,,,,,,,,,,,,,,,,,,,,,,,,,,,,,,,,,,,,,,,,,,,,,,,,,,,,,,,,,,,,,,,,,,,,,,,,,,,,,,,,,,,,,,,,,,,,,,,,,,,,,,,,,,
R & D Exp., 3.61 , 3.55 , 6.35 , 3.04 , 3.44 , 3.54 , 5.43 , 3.0 , 3.45 , 3.65 , 7.01 , 3.45 , 3.77 , 3.73 , 7.33 , 3.59 , 4.1 , 4.11 , 6.73 , 4.1 , 4.65 , 4.64 , 9.2 , 4.48 , 5.01 , 4.96 , 9.66 , 4.74 , 5.19 , 5.09 , 9.34 , 4.32 , 4.92 , 4.94 , 7.46 , 4.55 , 5.0 , 4.76 , 7.92 , 4.79 , 5.35 , 5.12 , 8.27 , 5.18 , 5.71 , 5.78 , 8.93 , 5.64 , 6.25 , 6.29 , 10.21 , 6.04 , 6.43 , 6.66 , 11.31 , 6.36 , 6.94 , 7.33 , 12.18 , 7.01 , 7.72 , 7.61 , 13.08 , 7.86 , 8.38 , 8.84 , 13.75 , 8.8 , 9.64 , 9.5 , 15.02 , 9.52 , 10.45 , 11.11 , 15.82 , 10.17 , 10.65 , 10.91 , 16.31 , 11.23 ,,,,,,,,,,,,,,,,,,,,,,,,,,,,,,,,,,,,,,,,,,,,,,,,,,,,,,,,,,,,,,,,,,,,,,,,,,,,,,,,,,,,,,,,,,,,,,,,,,,,,,,,,,,,,,,,,,,,,,,,,,,,,,,,,,,,,,,,,,,,,,,,,,,,,,,,,,,,,,,,,,,,,,,,,,,,,,
Operating Income, 17.65 , 17.2 , 17.33 , 18.93 , 19.86 , 18.77 , 19.84 , 20.56 , 21.84 , 22.28 , 23.54 , 25.09 , 26.01 , 25.56 , 29.38 , 27.9 , 28.8 , 27.86 , 28.61 , 31.14 , 33.69 , 34.13 , 34.28 , 33.96 , 36.41 , 32.67 , 34.14 , 35.04 , 33.88 , 35.42 , 19.22 , 24.44 , 27.23 , 27.79 , 34.04 , 32.33 , 32.74 , 33.52 , 32.43 , 35.39 , 36.85 , 38.88 , 33.75 , 37.65 , 38.71 , 37.55 , 35.01 , 38.68 , 40.23 , 40.36 , 41.89 , 40.64 , 42.25 , 44.18 , 39.08 , 39.42 , 41.52 , 40.71 , 37.52 , 37.12 , 39.2 , 42.43 , 39.98 , 41.5 , 44.21 , 44.95 , 44.6 , 46.36 , 50.54 , 53.01 , 47.23 , 49.2 , 51.67 , 52.29 , 51.85 , 31.88 , 36.59 , 51.52 , 51.83 , 61.03 ,,,,,,,,,,,,,,,,,,,,,,,,,,,,,,,,,,,,,,,,,,,,,,,,,,,,,,,,,,,,,,,,,,,,,,,,,,,,,,,,,,,,,,,,,,,,,,,,,,,,,,,,,,,,,,,,,,,,,,,,,,,,,,,,,,,,,,,,,,,,,,,,,,,,,,,,,,,,,,,,,,,,,,,,,,,,,,
,,,,,,,,,,,,,,,,,,,,,,,,,,,,,,,,,,,,,,,,,,,,,,,,,,,,,,,,,,,,,,,,,,,,,,,,,,,,,,,,,,,,,,,,,,,,,,,,,,,,,,,,,,,,,,,,,,,,,,,,,,,,,,,,,,,,,,,,,,,,,,,,,,,,,,,,,,,,,,,,,,,,,,,,,,,,,,,,,,,,,,,,,,,,,,,,,,,,,,,,,,,,,,,,,,,,,,,,,,,,,,,,,,,,,,,,,,,,,,,,,,,,,,,,,,,,,,
Interest Expense, (3.24)  , (3.23)  , (3.05)  , (3.04)  , (3.08)  , (3.14)  , (3.14)  , (2.96)  , (2.98)  , (2.97)  , (3.01)  , (2.79)  , (2.66)  , (2.72)  , (2.87)  , (2.72)  , (2.7)  , (2.7)  , (3.03)  , (2.92)  , (3.04)  , (3.12)  , (3.5)  , (3.31)  , (3.26)  , (3.44)  , (3.63)  , (3.35)  , (3.16)  , (3.33)  , (3.26)  , (3.29)  , (3.33)  , (3.43)  , (3.39)  , (3.27)  , (3.28)  , (3.26)  , (3.46)  , (3.3)  , (3.29)  , (3.31)  , (3.37)  , (3.34)  , (3.5)  , (3.39)  , (3.43)  , (3.49)  , (3.44)  , (3.51)  , (3.8)  , (3.72)  , (3.72)  , (3.82)  , (4.06)  , (4.14)  , (4.1)  , (4.29)  , (4.51)  , (4.7)  , (4.72)  , (4.91)  , (5.07)  , (5.02)  , (5.23)  , (5.29)  , (5.63)  , (5.43)  , (5.62)  , (5.51)  , (6.06)  , (5.91)  , (5.95)  , (5.95)  , (5.88)  , (5.91)  , (5.99)  , (6.02)  , (5.88)  , (5.6)  ,,,,,,,,,,,,,,,,,,,,,,,,,,,,,,,,,,,,,,,,,,,,,,,,,,,,,,,,,,,,,,,,,,,,,,,,,,,,,,,,,,,,,,,,,,,,,,,,,,,,,,,,,,,,,,,,,,,,,,,,,,,,,,,,,,,,,,,,,,,,,,,,,,,,,,,,,,,,,,,,,,,,,,,,,,,,,,
EBT Excl. Unusual Items, 15.07 , 14.94 , 14.6 , 16.6 , 17.28 , 16.54 , 16.83 , 18.68 , 19.69 , 20.46 , 21.35 , 23.3 , 24.27 , 24.14 , 25.48 , 26.66 , 27.78 , 26.95 , 27.06 , 30.07 , 32.85 , 33.44 , 32.02 , 32.55 , 35.28 , 31.08 , 31.19 , 33.42 , 32.0 , 33.22 , 14.96 , 21.74 , 24.71 , 25.44 , 31.47 , 30.08 , 30.44 , 31.43 , 29.83 , 33.84 , 34.96 , 36.96 , 31.31 , 35.61 , 37.17 , 35.73 , 32.14 , 36.8 , 38.2 , 38.36 , 39.44 , 38.94 , 40.44 , 42.14 , 35.9 , 36.72 , 39.08 , 37.55 , 34.44 , 33.55 , 35.75 , 38.94 , 36.75 , 38.12 , 40.87 , 41.93 , 40.98 , 43.2 , 47.88 , 49.95 , 42.13 , 45.68 , 47.76 , 48.29 , 47.77 , 26.85 , 31.39 , 46.71 , 47.47 , 57.3 ,,,,,,,,,,,,,,,,,,,,,,,,,,,,,,,,,,,,,,,,,,,,,,,,,,,,,,,,,,,,,,,,,,,,,,,,,,,,,,,,,,,,,,,,,,,,,,,,,,,,,,,,,,,,,,,,,,,,,,,,,,,,,,,,,,,,,,,,,,,,,,,,,,,,,,,,,,,,,,,,,,,,,,,,,,,,,,
,,,,,,,,,,,,,,,,,,,,,,,,,,,,,,,,,,,,,,,,,,,,,,,,,,,,,,,,,,,,,,,,,,,,,,,,,,,,,,,,,,,,,,,,,,,,,,,,,,,,,,,,,,,,,,,,,,,,,,,,,,,,,,,,,,,,,,,,,,,,,,,,,,,,,,,,,,,,,,,,,,,,,,,,,,,,,,,,,,,,,,,,,,,,,,,,,,,,,,,,,,,,,,,,,,,,,,,,,,,,,,,,,,,,,,,,,,,,,,,,,,,,,,,,,,,,,,
Income Tax Expense, 4.5 , 3.4 , 3.45 , 5.25 , 4.87 , 4.75 , 3.85 , 5.65 , 5.97 , 5.6 , 5.13 , 7.05 , 6.45 , 6.29 , 6.64 , 8.23 , 7.77 , 8.04 , 7.71 , 8.96 , 9.69 , 9.99 , 8.58 , 9.79 , 10.49 , 13.52 , 4.43 , 7.92 , 7.84 , 7.51 , 0.17 , 4.41 , 6.2 , 6.3 , 5.76 , 8.89 , 8.65 , 7.36 , 7.4 , 9.97 , 9.66 , 10.09 , 6.19 , 10.4 , 10.32 , 9.89 , 7.47 , 9.92 , 10.81 , 9.88 , 8.49 , 10.87 , 11.51 , 12.02 , 8.33 , 9.81 , 9.96 , 8.18 , 5.82 , 8.62 , 8.77 , 9.71 , 8.01 , 9.59 , 9.65 , 10.01 , 7.06 , 8.2 , 8.5 , 8.39 , 4.47 , 8.56 , 8.15 , 8.25 , 5.53 , 2.78 , 5.14 , 7.18 , 6.01 , 10.51 ,,,,,,,,,,,,,,,,,,,,,,,,,,,,,,,,,,,,,,,,,,,,,,,,,,,,,,,,,,,,,,,,,,,,,,,,,,,,,,,,,,,,,,,,,,,,,,,,,,,,,,,,,,,,,,,,,,,,,,,,,,,,,,,,,,,,,,,,,,,,,,,,,,,,,,,,,,,,,,,,,,,,,,,,,,,,,,
Earnings from Cont. Ops., 4.08 , 5.71 , 6.48 , 9.0 , 6.98 , 8.95 , 3.31 , 12.12 , 11.14 , 12.41 , 13.58 , 15.42 , 15.7 , 14.79 , 16.25 , 17.46 , 18.82 , 17.85 , 17.07 , 20.2 , 20.75 , 22.13 , 20.95 , 21.95 , 22.67 , 15.9 , 12.4 , 16.95 , 14.25 , 11.2 , (21.57)  , 9.41 , 15.33 , 16.08 , 17.85 , 18.61 , 20.71 , 20.52 , 21.76 , 22.62 , 23.44 , 23.64 , 21.55 , 24.0 , 22.88 , 22.29 , 21.63 , 25.26 , 25.99 , 25.61 , 27.36 , 25.78 , 27.77 , 28.15 , 23.55 , 22.38 , 23.59 , 23.83 , 19.33 , 22.22 , 23.92 , 26.11 , 24.84 , 28.16 , 27.66 , 29.11 , 27.91 , 33.77 , 34.82 , 37.17 , 29.4 , 35.8 , 35.76 , 35.23 , 36.26 , 11.64 , 18.58 , 33.73 , 32.05 , 46.72 ,,,,,,,,,,,,,,,,,,,,,,,,,,,,,,,,,,,,,,,,,,,,,,,,,,,,,,,,,,,,,,,,,,,,,,,,,,,,,,,,,,,,,,,,,,,,,,,,,,,,,,,,,,,,,,,,,,,,,,,,,,,,,,,,,,,,,,,,,,,,,,,,,,,,,,,,,,,,,,,,,,,,,,,,,,,,,,
,,,,,,,,,,,,,,,,,,,,,,,,,,,,,,,,,,,,,,,,,,,,,,,,,,,,,,,,,,,,,,,,,,,,,,,,,,,,,,,,,,,,,,,,,,,,,,,,,,,,,,,,,,,,,,,,,,,,,,,,,,,,,,,,,,,,,,,,,,,,,,,,,,,,,,,,,,,,,,,,,,,,,,,,,,,,,,,,,,,,,,,,,,,,,,,,,,,,,,,,,,,,,,,,,,,,,,,,,,,,,,,,,,,,,,,,,,,,,,,,,,,,,,,,,,,,,,
 ,,,,,,,,,,,,,,,,,,,,,,,,,,,,,,,,,,,,,,,,,,,,,,,,,,,,,,,,,,,,,,,,,,,,,,,,,,,,,,,,,,,,,,,,,,,,,,,,,,,,,,,,,,,,,,,,,,,,,,,,,,,,,,,,,,,,,,,,,,,,,,,,,,,,,,,,,,,,,,,,,,,,,,,,,,,,,,,,,,,,,,,,,,,,,,,,,,,,,,,,,,,,,,,,,,,,,,,,,,,,,,,,,,,,,,,,,,,,,,,,,,,,,,,,,,,,,,
Net Income, 3.47 , 6.83 , 5.85 , 0.67 , 6.22 , 8.09 , 2.42 , 13.01 , 10.74 , 12.77 , 12.98 , 15.11 , 15.59 , 14.57 , 16.14 , 17.24 , 18.62 , 17.66 , 17.37 , 19.87 , 20.53 , 22.01 , 22.51 , 21.82 , 22.38 , 16.39 , 12.48 , 16.7 , 14.29 , 11.3 , (20.74)  , 9.07 , 14.45 , 15.59 , 18.1 , 18.11 , 20.11 , 20.12 , 21.44 , 22.13 , 23.4 , 23.26 , 20.81 , 23.29 , 22.2 , 21.61 , 20.61 , 25.25 , 26.36 , 25.06 , 27.46 , 25.32 , 27.53 , 27.95 , 23.19 , 22.02 , 22.62 , 24.2 , 19.87 , 22.39 , 23.46 , 27.59 , 24.99 , 27.13 , 27.21 , 28.48 , 27.03 , 33.36 , 34.59 , 36.75 , 29.21 , 36.1 , 35.82 , 33.88 , 36.38 , 12.81 , 18.59 , 33.46 , 31.6 , 45.83 ,,,,,,,,,,,,,,,,,,,,,,,,,,,,,,,,,,,,,,,,,,,,,,,,,,,,,,,,,,,,,,,,,,,,,,,,,,,,,,,,,,,,,,,,,,,,,,,,,,,,,,,,,,,,,,,,,,,,,,,,,,,,,,,,,,,,,,,,,,,,,,,,,,,,,,,,,,,,,,,,,,,,,,,,,,,,,,
,,,,,,,,,,,,,,,,,,,,,,,,,,,,,,,,,,,,,,,,,,,,,,,,,,,,,,,,,,,,,,,,,,,,,,,,,,,,,,,,,,,,,,,,,,,,,,,,,,,,,,,,,,,,,,,,,,,,,,,,,,,,,,,,,,,,,,,,,,,,,,,,,,,,,,,,,,,,,,,,,,,,,,,,,,,,,,,,,,,,,,,,,,,,,,,,,,,,,,,,,,,,,,,,,,,,,,,,,,,,,,,,,,,,,,,,,,,,,,,,,,,,,,,,,,,,,,
NI to Common Excl. Extra Items, 4.03 , 5.43 , 6.24 , 8.74 , 6.72 , 8.72 , 3.07 , 11.82 , 10.86 , 12.16 , 13.24 , 15.13 , 15.26 , 14.41 , 15.86 , 17.06 , 18.37 , 17.55 , 16.63 , 19.77 , 20.25 , 21.6 , 20.38 , 21.4 , 22.07 , 15.21 , 11.74 , 16.22 , 13.47 , 9.79 , (22.0)  , 8.17 , 13.79 , 14.7 , 16.07 , 17.57 , 19.78 , 19.61 , 20.81 , 21.52 , 22.33 , 22.65 , 20.67 , 23.09 , 21.83 , 21.35 , 20.79 , 24.29 , 25.03 , 24.6 , 26.44 , 24.87 , 27.09 , 27.46 , 22.73 , 21.76 , 22.87 , 23.17 , 18.85 , 21.62 , 23.21 , 25.36 , 23.97 , 27.41 , 26.91 , 28.41 , 27.1 , 33.0 , 34.02 , 36.33 , 28.62 , 34.97 , 34.87 , 34.32 , 35.49 , 11.98 , 17.83 , 32.94 , 31.16 , 45.86 ,,,,,,,,,,,,,,,,,,,,,,,,,,,,,,,,,,,,,,,,,,,,,,,,,,,,,,,,,,,,,,,,,,,,,,,,,,,,,,,,,,,,,,,,,,,,,,,,,,,,,,,,,,,,,,,,,,,,,,,,,,,,,,,,,,,,,,,,,,,,,,,,,,,,,,,,,,,,,,,,,,,,,,,,,,,,,,
,,,,,,,,,,,,,,,,,,,,,,,,,,,,,,,,,,,,,,,,,,,,,,,,,,,,,,,,,,,,,,,,,,,,,,,,,,,,,,,,,,,,,,,,,,,,,,,,,,,,,,,,,,,,,,,,,,,,,,,,,,,,,,,,,,,,,,,,,,,,,,,,,,,,,,,,,,,,,,,,,,,,,,,,,,,,,,,,,,,,,,,,,,,,,,,,,,,,,,,,,,,,,,,,,,,,,,,,,,,,,,,,,,,,,,,,,,,,,,,,,,,,,,,,,,,,,,
Per Share Items,,,,,,,,,,,,,,,,,,,,,,,,,,,,,,,,,,,,,,,,,,,,,,,,,,,,,,,,,,,,,,,,,,,,,,,,,,,,,,,,,,,,,,,,,,,,,,,,,,,,,,,,,,,,,,,,,,,,,,,,,,,,,,,,,,,,,,,,,,,,,,,,,,,,,,,,,,,,,,,,,,,,,,,,,,,,,,,,,,,,,,,,,,,,,,,,,,,,,,,,,,,,,,,,,,,,,,,,,,,,,,,,,,,,,,,,,,,,,,,,,,,,,,,,,,,,,,
Basic EPS Excl. Extra Items, 4.22 , 5.6 , 6.4 , 8.93 , 6.93 , 8.9 , 3.23 , 12.0 , 11.05 , 12.4 , 13.52 , 15.5 , 15.58 , 14.72 , 16.2 , 17.43 , 18.75 , 17.93 , 16.98 , 20.17 , 20.66 , 22.03 , 20.78 , 21.83 , 22.56 , 15.63 , 12.09 , 16.53 , 13.79 , 10.1 , (21.87)  , 8.29 , 13.97 , 14.93 , 16.35 , 17.95 , 20.13 , 19.92 , 21.11 , 21.84 , 22.65 , 22.97 , 21.02 , 23.38 , 22.13 , 21.63 , 21.08 , 24.59 , 25.4 , 24.95 , 26.81 , 25.2 , 27.45 , 27.83 , 23.08 , 22.13 , 23.21 , 23.5 , 19.18 , 21.93 , 23.56 , 25.72 , 24.3 , 27.78 , 27.28 , 28.8 , 27.64 , 33.41 , 34.42 , 36.76 , 28.96 , 35.31 , 35.2 , 34.66 , 35.82 , 12.25 , 18.07 , 33.29 , 31.55 , 46.33 ,,,,,,,,,,,,,,,,,,,,,,,,,,,,,,,,,,,,,,,,,,,,,,,,,,,,,,,,,,,,,,,,,,,,,,,,,,,,,,,,,,,,,,,,,,,,,,,,,,,,,,,,,,,,,,,,,,,,,,,,,,,,,,,,,,,,,,,,,,,,,,,,,,,,,,,,,,,,,,,,,,,,,,,,,,,,,,
Diluted EPS Excl. Extra Items, 4.04 , 5.43 , 6.24 , 8.75 , 6.75 , 8.72 , 3.06 , 11.85 , 10.89 , 12.18 , 13.24 , 15.2 , 15.29 , 14.45 , 15.9 , 17.07 , 18.41 , 17.57 , 16.64 , 19.8 , 20.28 , 21.61 , 20.37 , 21.42 , 22.06 , 15.23 , 11.75 , 16.23 , 13.49 , 9.78 , (22.06)  , 8.16 , 13.77 , 14.71 , 16.08 , 17.62 , 19.84 , 19.62 , 20.75 , 21.52 , 22.35 , 22.68 , 20.68 , 23.1 , 21.82 , 21.34 , 20.79 , 24.31 , 25.07 , 24.61 , 26.45 , 24.87 , 27.09 , 27.46 , 22.73 , 21.79 , 22.89 , 23.2 , 18.86 , 21.68 , 23.22 , 25.4 , 23.96 , 27.44 , 26.96 , 28.42 , 27.1 , 33.02 , 34.03 , 36.35 , 28.64 , 35.0 , 34.86 , 34.33 , 35.51 , 11.98 , 17.81 , 32.96 , 31.16 , 45.89 ,,,,,,,,,,,,,,,,,,,,,,,,,,,,,,,,,,,,,,,,,,,,,,,,,,,,,,,,,,,,,,,,,,,,,,,,,,,,,,,,,,,,,,,,,,,,,,,,,,,,,,,,,,,,,,,,,,,,,,,,,,,,,,,,,,,,,,,,,,,,,,,,,,,,,,,,,,,,,,,,,,,,,,,,,,,,,,
Normalized Diluted EPS, 9.23 , 9.15 , 8.94 , 10.21 , 10.57 , 10.15 , 10.34 , 11.44 , 12.08 , 12.58 , 13.13 , 14.34 , 14.87 , 14.78 , 15.59 , 16.32 , 16.97 , 16.59 , 16.53 , 18.42 , 20.1 , 20.45 , 19.52 , 19.9 , 21.55 , 18.91 , 18.98 , 20.36 , 19.5 , 20.3 , 9.37 , 13.2 , 15.02 , 15.37 , 19.09 , 18.19 , 18.42 , 19.0 , 17.97 , 20.53 , 21.15 , 22.42 , 18.9 , 21.55 , 22.4 , 21.61 , 19.46 , 22.25 , 23.17 , 23.24 , 23.96 , 23.67 , 24.83 , 25.95 , 21.97 , 22.61 , 24.02 , 23.14 , 21.43 , 20.72 , 22.05 , 23.95 , 22.56 , 23.45 , 25.19 , 25.88 , 25.17 , 26.61 , 29.52 , 30.77 , 25.94 , 28.08 , 29.37 , 29.71 , 29.54 , 17.58 , 19.3 , 28.85 , 29.23 , 35.42 ,,,,,,,,,,,,,,,,,,,,,,,,,,,,,,,,,,,,,,,,,,,,,,,,,,,,,,,,,,,,,,,,,,,,,,,,,,,,,,,,,,,,,,,,,,,,,,,,,,,,,,,,,,,,,,,,,,,,,,,,,,,,,,,,,,,,,,,,,,,,,,,,,,,,,,,,,,,,,,,,,,,,,,,,,,,,,,
,,,,,,,,,,,,,,,,,,,,,,,,,,,,,,,,,,,,,,,,,,,,,,,,,,,,,,,,,,,,,,,,,,,,,,,,,,,,,,,,,,,,,,,,,,,,,,,,,,,,,,,,,,,,,,,,,,,,,,,,,,,,,,,,,,,,,,,,,,,,,,,,,,,,,,,,,,,,,,,,,,,,,,,,,,,,,,,,,,,,,,,,,,,,,,,,,,,,,,,,,,,,,,,,,,,,,,,,,,,,,,,,,,,,,,,,,,,,,,,,,,,,,,,,,,,,,,
Dividends per Share, $3.85 , $3.67 , $3.8 , $3.74 , $3.99 , $3.6 , $3.93 , $3.77 , $3.86 , $4.25 , $4.36 , $4.31 , $4.25 , $4.57 , $5.05 , $5.07 , $5.28 , $5.44 , $5.63 , $5.7 , $5.83 , $6.14 , $6.17 , $6.38 , $6.54 , $7.05 , $7.19 , $7.08 , $7.13 , $7.16 , $6.84 , $5.97 , $5.34 , $5.32 , $5.49 , $5.4 , $5.55 , $5.76 , $6.0 , $6.14 , $6.5 , $6.76 , $7.15 , $7.15 , $7.38 , $8.06 , $7.98 , $8.42 , $8.67 , $9.06 , $9.1 , $9.47 , $9.76 , $10.17 , $10.18 , $10.57 , $10.7 , $11.03 , $10.92 , $11.11 , $11.38 , $11.54 , $11.65 , $12.01 , $11.97 , $12.43 , $12.81 , $12.96 , $13.13 , $13.78 , $13.92 , $14.31 , $14.26 , $14.79 , $14.99 , $15.02 , $14.24 , $14.13 , $14.51 , $14.3 ,,,,,,,,,,,,,,,,,,,,,,,,,,,,,,,,,,,,,,,,,,,,,,,,,,,,,,,,,,,,,,,,,,,,,,,,,,,,,,,,,,,,,,,,,,,,,,,,,,,,,,,,,,,,,,,,,,,,,,,,,,,,,,,,,,,,,,,,,,,,,,,,,,,,,,,,,,,,,,,,,,,,,,,,,,,,,,
,,,,,,,,,,,,,,,,,,,,,,,,,,,,,,,,,,,,,,,,,,,,,,,,,,,,,,,,,,,,,,,,,,,,,,,,,,,,,,,,,,,,,,,,,,,,,,,,,,,,,,,,,,,,,,,,,,,,,,,,,,,,,,,,,,,,,,,,,,,,,,,,,,,,,,,,,,,,,,,,,,,,,,,,,,,,,,,,,,,,,,,,,,,,,,,,,,,,,,,,,,,,,,,,,,,,,,,,,,,,,,,,,,,,,,,,,,,,,,,,,,,,,,,,,,,,,,
Supplemental Items,,,,,,,,,,,,,,,,,,,,,,,,,,,,,,,,,,,,,,,,,,,,,,,,,,,,,,,,,,,,,,,,,,,,,,,,,,,,,,,,,,,,,,,,,,,,,,,,,,,,,,,,,,,,,,,,,,,,,,,,,,,,,,,,,,,,,,,,,,,,,,,,,,,,,,,,,,,,,,,,,,,,,,,,,,,,,,,,,,,,,,,,,,,,,,,,,,,,,,,,,,,,,,,,,,,,,,,,,,,,,,,,,,,,,,,,,,,,,,,,,,,,,,,,,,,,,,
EBITDA, 27.34 , 27.63 , 27.71 , 26.32 , 28.41 , 27.53 , 26.98 , 28.34 , 28.83 , 29.96 , 31.01 , 32.51 , 33.24 , 33.81 , 35.66 , 34.84 , 36.64 , 37.09 , 38.15 , 39.14 , 42.1 , 43.02 , 42.96 , 42.27 , 44.38 , 44.08 , 44.41 , 44.55 , 44.88 , 49.15 , 36.59 , 32.71 , 35.47 , 37.84 , 40.1 , 41.74 , 43.29 , 44.11 , 43.5 , 45.82 , 49.23 , 48.76 , 44.97 , 49.0 , 49.81 , 49.12 , 48.0 , 49.84 , 51.38 , 52.39 , 54.89 , 52.7 , 54.66 , 56.53 , 54.05 , 51.52 , 54.07 , 55.95 , 52.9 , 50.42 , 52.48 , 55.67 , 56.41 , 55.84 , 58.59 , 61.18 , 60.9 , 61.24 , 66.1 , 69.53 , 63.42 , 64.16 , 67.14 , 68.82 , 69.14 , 51.52 , 56.78 , 66.72 , 66.52 , 72.8 ,,,,,,,,,,,,,,,,,,,,,,,,,,,,,,,,,,,,,,,,,,,,,,,,,,,,,,,,,,,,,,,,,,,,,,,,,,,,,,,,,,,,,,,,,,,,,,,,,,,,,,,,,,,,,,,,,,,,,,,,,,,,,,,,,,,,,,,,,,,,,,,,,,,,,,,,,,,,,,,,,,,,,,,,,,,,,,
EBITA, 18.09 , 18.2 , 18.15 , 17.37 , 19.18 , 18.31 , 18.69 , 19.47 , 19.93 , 20.89 , 21.95 , 23.19 , 24.06 , 24.52 , 26.61 , 25.62 , 27.34 , 27.52 , 28.88 , 29.52 , 32.25 , 33.08 , 31.95 , 31.54 , 33.61 , 33.21 , 33.74 , 33.76 , 33.74 , 38.31 , 26.86 , 22.3 , 25.12 , 27.81 , 30.31 , 31.38 , 32.81 , 33.34 , 33.48 , 35.2 , 38.5 , 38.0 , 34.49 , 37.64 , 38.54 , 37.7 , 36.26 , 37.54 , 38.97 , 39.9 , 42.4 , 39.77 , 41.54 , 43.3 , 40.0 , 37.46 , 40.31 , 40.46 , 38.47 , 36.75 , 38.38 , 41.68 , 41.83 , 41.45 , 44.19 , 46.34 , 46.27 , 46.0 , 50.72 , 53.62 , 48.46 , 48.19 , 50.92 , 52.35 , 53.04 , 33.32 , 38.73 , 50.85 , 51.11 , 56.59 ,,,,,,,,,,,,,,,,,,,,,,,,,,,,,,,,,,,,,,,,,,,,,,,,,,,,,,,,,,,,,,,,,,,,,,,,,,,,,,,,,,,,,,,,,,,,,,,,,,,,,,,,,,,,,,,,,,,,,,,,,,,,,,,,,,,,,,,,,,,,,,,,,,,,,,,,,,,,,,,,,,,,,,,,,,,,,,
EBIT, 16.55 , 16.61 , 16.15 , 16.84 , 18.6 , 17.9 , 17.96 , 18.85 , 19.28 , 20.37 , 20.88 , 22.51 , 23.48 , 23.94 , 25.17 , 24.86 , 26.48 , 26.69 , 27.41 , 28.62 , 31.35 , 32.11 , 30.55 , 30.44 , 32.52 , 32.1 , 32.39 , 32.66 , 32.43 , 37.15 , 24.93 , 21.26 , 23.99 , 26.63 , 28.36 , 30.06 , 31.57 , 32.03 , 31.67 , 33.75 , 36.94 , 36.55 , 32.36 , 36.06 , 36.77 , 35.87 , 34.01 , 35.94 , 37.47 , 38.02 , 40.12 , 37.95 , 39.73 , 41.21 , 37.44 , 35.41 , 38.26 , 38.1 , 35.5 , 34.15 , 35.73 , 38.78 , 38.62 , 38.51 , 41.16 , 42.84 , 42.53 , 42.78 , 47.37 , 50.13 , 44.42 , 44.71 , 47.28 , 48.72 , 48.46 , 29.17 , 34.59 , 46.52 , 46.39 , 52.61 ,,,,,,,,,,,,,,,,,,,,,,,,,,,,,,,,,,,,,,,,,,,,,,,,,,,,,,,,,,,,,,,,,,,,,,,,,,,,,,,,,,,,,,,,,,,,,,,,,,,,,,,,,,,,,,,,,,,,,,,,,,,,,,,,,,,,,,,,,,,,,,,,,,,,,,,,,,,,,,,,,,,,,,,,,,,,,,
,,,,,,,,,,,,,,,,,,,,,,,,,,,,,,,,,,,,,,,,,,,,,,,,,,,,,,,,,,,,,,,,,,,,,,,,,,,,,,,,,,,,,,,,,,,,,,,,,,,,,,,,,,,,,,,,,,,,,,,,,,,,,,,,,,,,,,,,,,,,,,,,,,,,,,,,,,,,,,,,,,,,,,,,,,,,,,,,,,,,,,,,,,,,,,,,,,,,,,,,,,,,,,,,,,,,,,,,,,,,,,,,,,,,,,,,,,,,,,,,,,,,,,,,,,,,,,
 ,,,,,,,,,,,,,,,,,,,,,,,,,,,,,,,,,,,,,,,,,,,,,,,,,,,,,,,,,,,,,,,,,,,,,,,,,,,,,,,,,,,,,,,,,,,,,,,,,,,,,,,,,,,,,,,,,,,,,,,,,,,,,,,,,,,,,,,,,,,,,,,,,,,,,,,,,,,,,,,,,,,,,,,,,,,,,,,,,,,,,,,,,,,,,,,,,,,,,,,,,,,,,,,,,,,,,,,,,,,,,,,,,,,,,,,,,,,,,,,,,,,,,,,,,,,,,,
Normalized Net Income, 9.24 , 9.15 , 8.94 , 10.21 , 10.57 , 10.15 , 10.34 , 11.44 , 12.08 , 12.58 , 13.13 , 14.34 , 14.87 , 14.78 , 15.59 , 16.32 , 16.97 , 16.59 , 16.53 , 18.42 , 20.1 , 20.45 , 19.52 , 19.9 , 21.55 , 18.91 , 18.98 , 20.36 , 19.5 , 20.3 , 9.37 , 13.2 , 15.02 , 15.37 , 19.09 , 18.19 , 18.42 , 19.0 , 17.97 , 20.53 , 21.15 , 22.42 , 18.9 , 21.55 , 22.4 , 21.61 , 19.46 , 22.25 , 23.17 , 23.24 , 23.96 , 23.67 , 24.83 , 25.95 , 21.97 , 22.61 , 24.02 , 23.14 , 21.43 , 20.72 , 22.05 , 23.95 , 22.56 , 23.45 , 25.19 , 25.88 , 25.17 , 26.61 , 29.52 , 30.77 , 25.94 , 28.08 , 29.37 , 29.71 , 29.54 , 17.58 , 19.3 , 28.85 , 29.23 , 35.42 ,,,,,,,,,,,,,,,,,,,,,,,,,,,,,,,,,,,,,,,,,,,,,,,,,,,,,,,,,,,,,,,,,,,,,,,,,,,,,,,,,,,,,,,,,,,,,,,,,,,,,,,,,,,,,,,,,,,,,,,,,,,,,,,,,,,,,,,,,,,,,,,,,,,,,,,,,,,,,,,,,,,,,,,,,,,,,,
,,,,,,,,,,,,,,,,,,,,,,,,,,,,,,,,,,,,,,,,,,,,,,,,,,,,,,,,,,,,,,,,,,,,,,,,,,,,,,,,,,,,,,,,,,,,,,,,,,,,,,,,,,,,,,,,,,,,,,,,,,,,,,,,,,,,,,,,,,,,,,,,,,,,,,,,,,,,,,,,,,,,,,,,,,,,,,,,,,,,,,,,,,,,,,,,,,,,,,,,,,,,,,,,,,,,,,,,,,,,,,,,,,,,,,,,,,,,,,,,,,,,,,,,,,,,,,
"
               
               
               
               
               ",,,,,,,,,,,,,,,,,,,,,,,,,,,,,,,,,,,,,,,,,,,,,,,,,,,,,,,,,,,,,,,,,,,,,,,,,,,,,,,,,,,,,,,,,,,,,,,,,,,,,,,,,,,,,,,,,,,,,,,,,,,,,,,,,,,,,,,,,,,,,,,,,,,,,,,,,,,,,,,,,,,,,,,,,,,,,,,,,,,,,,,,,,,,,,,,,,,,,,,,,,,,,,,,,,,,,,,,,,,,,,,,,,,,,,,,,,,,,,,,,,,,,,,,,,,,,,
